@article{os, 
author={R. {Mur-Artal} and J. M. M. {Montiel} and J. D. {Tardós}}, 
journal={IEEE Transactions on Robotics}, 
title={ORB-SLAM: A Versatile and Accurate Monocular SLAM System}, 
year={2015}, 
volume={31}, 
number={5}, 
pages={1147-1163}, 
keywords={SLAM (robots);ORB-SLAM system;feature-based monocular simultaneous localization and mapping system;survival of the fittest strategy;Simultaneous localization and mapping;Cameras;Optimization;Feature extraction;Visualization;Real-time systems;Computational modeling;Lifelong mapping;localization;monocular vision;recognition;simultaneous localization and mapping (SLAM);Lifelong mapping;localization;monocular vision;recognition;simultaneous localization and mapping (SLAM)}, 
doi={10.1109/TRO.2015.2463671}, 
ISSN={1941-0468}, 
month={Oct},}
@article{os-II,
  title={{ORB-SLAM2}: an Open-Source {SLAM} System for Monocular, Stereo and {RGB-D} Cameras},
  author={Mur-Artal, Ra\'ul and Tard\'os, Juan D.},
  journal={IEEE Transactions on Robotics},
  volume={33},
  number={5},
  pages={1255--1262},
  doi = {10.1109/TRO.2017.2705103},
  year={2017}
 }
 @inproceedings{orb,
author = {Rublee, Ethan and Rabaud, Vincent and Konolige, Kurt and Bradski, Gary},
year = {2011},
month = {11},
pages = {2564-2571},
title = {ORB: an efficient alternative to SIFT or SURF},
journal = {Proceedings of the IEEE International Conference on Computer Vision},
doi = {10.1109/ICCV.2011.6126544}
}
@article{bow,
  title={Bags of Binary Words for Fast Place Recognition in Image Sequences},
  author={Dorian G{\'a}lvez-L{\'o}pez and Juan D. Tard{\'o}s},
  journal={IEEE Transactions on Robotics},
  year={2012},
  volume={28},
  pages={1188-1197}
}
@article{euroc,
author = {Burri, Michael and Nikolic, Janosch and Gohl, Pascal and Schneider, Thomas and Rehder, Joern and Omari, Sammy and Achtelik, Markus and Siegwart, Roland},
year = {2016},
month = {01},
pages = {},
title = {The EuRoC micro aerial vehicle datasets},
volume = {35},
journal = {The International Journal of Robotics Research},
doi = {10.1177/0278364915620033}
}
@article{slam, 
author={H. {Durrant-Whyte} and T. {Bailey}}, 
journal={IEEE Robotics Automation Magazine}, 
title={Simultaneous localization and mapping: part I}, 
year={2006}, 
volume={13}, 
number={2}, 
pages={99-110}, 
keywords={mobile robots;path planning;simultaneous localization and mapping problem;mobile robots;SLAM problem;Simultaneous localization and mapping;Mobile robots;Robotics and automation;History;Artificial intelligence;Navigation;Vehicles;Buildings;Bayesian methods;Particle filters}, 
doi={10.1109/MRA.2006.1638022}, 
ISSN={1558-223X}, 
month={June},}

@article{ransac,
author = {Fischler, Martin A. and Bolles, Robert C.},
title = {Random Sample Consensus: A Paradigm for Model Fitting with Applications to Image Analysis and Automated Cartography},
year = {1981},
issue_date = {June 1981},
publisher = {Association for Computing Machinery},
address = {New York, NY, USA},
volume = {24},
number = {6},
issn = {0001-0782},
url = {https://doi.org/10.1145/358669.358692},
doi = {10.1145/358669.358692},
journal = {Commun. ACM},
month = jun,
pages = {381–395},
numpages = {15},
keywords = {scene analysis, automated cartography, image matching, model fitting, location determination, camera calibration}
}
  

@article{ba,
author = {Triggs, B. and Mclauchlan, Philip and Hartley, R. and Fitzgibbon, Andrew},
year = {2000},
month = {01},
pages = {198-372},
title = {Bundle adjustment - A modern synthesis},
journal = {ICCV '99 Proceedings of the International Workshop on Vision Algorithms: Theory and Practice}
}
@inproceedings{pose-errors,
author = {Sturm, Juergen and Engelhard, Nikolas and Endres, Felix and Burgard, Wolfram and Cremers, Daniel},
year = {2012},
month = {10},
pages = {573-580},
title = {A benchmark for the evaluation of RGB-D SLAM systems},
isbn = {978-1-4673-1737-5},
journal = {Proceedings of the ... IEEE/RSJ International Conference on Intelligent Robots and Systems. IEEE/RSJ International Conference on Intelligent Robots and Systems},
doi = {10.1109/IROS.2012.6385773}
}
@ARTICLE{bfs, 
author={C. Y. {Lee}}, 
journal={IRE Transactions on Electronic Computers}, 
title={An Algorithm for Path Connections and Its Applications}, 
year={1961}, 
volume={EC-10}, 
number={3}, 
pages={346-365}, 
keywords={Utility programs;Application software;Wiring;Telephony;Physical optics;Optical diffraction;Auditory system;Pattern recognition;Transportation}, 
doi={10.1109/TEC.1961.5219222}, 
ISSN={0367-9950}, 
month={Sep.},}